
@misc{rfc3954,
   Author = {Benoit Claise},
   Title = {{Cisco Systems NetFlow Services Export Version 9}},
   Howpublished = {RFC 3954},
   Month= oct,
   Year = {2004} }



@misc{ietf-ipfix-info,
   Author = {J\"urgen Quittek and Stewart Bryant and Benoit Claise and Jeff Meyer},
   Title = {{Information Model for IP Flow Information Export}},
   Howpublished = {Internet-Draft, work in progress, draft-ietf-ipfix-info-12.txt},
   Month= jun,
   Year = {2006} }



@misc{ietf-ipfix-protocol,
   Author = {Benoit Claise},
   Title = {{IPFIX Protocol Specification}},
   Howpublished = {Internet-Draft, work in progress, draft-ietf-ipfix-protocol-22.txt},
   Month= jun,
   Year = {2006} }


@misc{ietf-ipfix-architecture,
   Author = {Ganesh Sadasivan and Nevil Brownlee and Benoit Claise and J\"urgen Quittek},
   Title = {{Architecture for IP Flow Information Export}},
   Howpublished = {Internet-Draft, work in progress, draft-ietf-ipfix-architecture-11.txt},
   Month= jun,
   Year = {2006} }


@misc{ietf-ipfix-as,
   Author = {Tanja Zseby and Elisa Boschi and Nevil Brownlee and Benoit Claise},
   Title = {{IPFIX Applicability}},
   Howpublished = {Internet-Draft, work in progress, draft-ietf-ipfix-as-08.txt},
   Month= jun,
   Year = {2006} }


@misc{dressler-ipfix-aggregation,
   Author = {Falko Dressler and Christoph Sommer and Gerhard M\"unz},
   Title = {{IPFIX Aggregation}},
   Howpublished = {Internet-Draft, work in progress, draft-dressler-ipfix-aggregation-03.txt},
   Month= jun,
   Year = {2006} }


@misc{ietf-psamp-protocol,
   Author = {Benoit Claise},
   Title = {{Packet Sampling (PSAMP) Protocol Specifications}},
   Howpublished = {Internet-Draft, work in progress, draft-ietf-psamp-protocol-06.txt},
   Month= jun,
   Year = {2006} }


@misc{ietf-psamp-sample-tech,
   Author = {Tanja Zseby and M. Molina and Nick Duffield and S. Niccolini and F. Raspall},
   Title = {{Sampling and Filtering Techniques for IP Packet Selection}},
   Howpublished = {Internet-Draft, work in progress, draft-ietf-psamp-sample-tech-07.txt},
   Month= jul,
   Year = {2005} }


@misc{ietf-psamp-framework,
   Author = {Nick Duffield},
   Title = {{A Framework for Packet Selection and Reporting}},
   Howpublished = {Internet-Draft, work in progress, draft-ietf-psamp-framework-10.txt},
   Month= jan,
   Year = {2005} }


@inproceedings{dressler2005history,
   Author = {Falko Dressler and Georg Carle},
   Title = {{HISTORY - High Speed Network Monitoring and Analysis}},
   BookTitle = {24th IEEE Conference on Computer Communications (IEEE INFOCOM 2005), Poster Session},
   Address= {Miami, FL, USA},
   Month = mar,
   Year = {2005} }


@phdthesis{lampert2005,
   Author = {Ronny Lampert},
   Title = {{Implementierung einer IPFIX/PSAMP Probe}},
   School = {University of Erlangen-Nuremberg},
   Type = {Pre-Master's Thesis (Studienarbeit)},
   Month = jun,
   Year = {2005} }


@phdthesis{sommer2005,
   Author = {Christoph Sommer},
   Title = {{Implementation of a Netflow Concentrator}},
   School = {University of Erlangen-Nuremberg},
   Type = {Pre-Master's Thesis (Studienarbeit)},
   Month = nov,
   Year = {2005} }


@inproceedings{muenz2006using,
   Author = {Gerhard M\"unz and Albert Antony and Falko Dressler and Georg Carle},
   Title = {{Using Netconf for Configuring Monitoring Probes}},
   BookTitle = {IEEE/IFIP Network Operations \& Management Symposium (IEEE/IFIP NOMS 2006), Poster Session},
   Address= {Vancouver, Canada},
   Month = apr,
   Year = {2006} }


@inproceedings{deri2003nprobe,
   Author = {Luca Deri},
   Title = {{nProbe: an Open Source NetFlow Probe for Gigabit Networks}},
   BookTitle = {TERENA Networking Conference (TNC 2003)},
   Address= {Zagreb, Croatia},
   Month = may,
   Year = {2003} }

@inproceedings{ wang02syndog,
   author = {H. Wang and D. Zhang and K. Shin},
   title = {{SYN-dog: Sniffing SYN Flooding Sources}},
   booktitle = {22nd International Conference on Distributed Computing Systems (ICDCS'02)},
   month = jul,
   year = {2002}
}

@misc{schmoll2004netmate,
   Author = {Carsten Schmoll and Sebastian Zander},
   Title = {{NetMate - User and Developer Manual}},
   url = {http://www.ip-measurement.org/tools/netmate/},
   Month= feb,
   Year = {2004}
}

   
@misc{ibm-ipfix,
	author={{IBM Zurich Research Laboratory}},
	title={{Aurora - Network Traffic Analysis and Visualization}},
	url={http://www.zurich.ibm.com/aurora/},
	year={2004}
}


@misc{mome-interop,
   Author = {Carsten Schmoll and J\"urgen Quittek and Sandra Tartarelli and Saverio Niccolini and Thomas Dietz and Antal Bulanza and Elisa Boschi},
   Title = {{MOME Interoperability Testing Event}},
   Howpublished = {Deliverable D13 of IST MOME},
   Month= aug,
   Year = {2005} 
}


@electronic{vermont-site,
   Title = {{Vermont - Versatile Monitoring Toolkit}},
   URL = {http://vermont.berlios.de}
}


@electronic{pcap-mmap,
   Title = {{A libpcap version which supports MMAP mode on Linux kernels}},
   Author = {Phil Wood},
   URL = {http://public.lanl.gov/cpw}
}
